@online{asthma+lungukAsthmaLungUK,
  title = {Asthma + {{Lung UK}} Analysis Reveals {{UK}} Has Highest Number of Pneumonia Deaths in {{Europe}} | {{Asthma}} + {{Lung UK}}},
  author = {{Asthma + Lung UK}},
  url = {https://www.asthmaandlung.org.uk/media/press-releases/asthma-lung-uk-analysis-reveals-uk-has-highest-number-pneumonia-deaths-europe},
  urldate = {2025-02-27},
  langid = {english},
  file = {C:\Users\Lewis\Zotero\storage\H2T9RJSP\asthma-lung-uk-analysis-reveals-uk-has-highest-number-pneumonia-deaths-europe.html}
}

@online{nhsPneumonia2017,
  title = {Pneumonia},
  author = {{NHS}},
  date = {2017-10-23},
  url = {https://www.nhs.uk/conditions/pneumonia/},
  urldate = {2025-02-27},
  langid = {english},
  organization = {nhs.uk},
  file = {C:\Users\Lewis\Zotero\storage\PCGKK3L7\pneumonia.html}
}

@online{whoPneumonia,
  title = {Pneumonia},
  author = {{WHO}},
  url = {https://www.who.int/health-topics/pneumonia},
  urldate = {2025-02-27},
  langid = {english},
  file = {C:\Users\Lewis\Zotero\storage\RGK5ENHL\pneumonia.html}
}

@article{allinsonEarlyChildhoodLower2023,
  title = {Early Childhood Lower Respiratory Tract Infection and Premature Adult Death from Respiratory Disease in {{Great Britain}}: A National Birth Cohort Study},
  shorttitle = {Early Childhood Lower Respiratory Tract Infection and Premature Adult Death from Respiratory Disease in {{Great Britain}}},
  author = {Allinson, James Peter and Chaturvedi, Nishi and Wong, Andrew and Shah, Imran and Donaldson, Gavin Christopher and Wedzicha, Jadwiga Anna and Hardy, Rebecca},
  date = {2023-04-08},
  journaltitle = {The Lancet},
  shortjournal = {The Lancet},
  volume = {401},
  number = {10383},
  eprint = {36898396},
  eprinttype = {pmid},
  pages = {1183--1193},
  publisher = {Elsevier},
  issn = {0140-6736, 1474-547X},
  doi = {10.1016/S0140-6736(23)00131-9},
  url = {https://www.thelancet.com/journals/lancet/article/PIIS0140-6736(23)00131-9/fulltext},
  urldate = {2025-02-27},
  langid = {english},
  file = {C:\Users\Lewis\Zotero\storage\KBH5CC4B\Allinson et al. - 2023 - Early childhood lower respiratory tract infection and premature adult death from respiratory disease.pdf}
}

@online{mendeleydataLargeDatasetLabeled,
  title = {Large {{Dataset}} of {{Labeled Optical Coherence Tomography}} ({{OCT}}) and {{Chest X-Ray Images}} - {{Mendeley Data}}},
  author = {{Mendeley Data}},
  url = {https://data.mendeley.com/datasets/rscbjbr9sj/3},
  urldate = {2025-02-27},
  file = {C:\Users\Lewis\Zotero\storage\WSJ3I4F6\3.html}
}

@article{kermanyIdentifyingMedicalDiagnoses2018,
  title = {Identifying {{Medical Diagnoses}} and {{Treatable Diseases}} by {{Image-Based Deep Learning}}},
  author = {Kermany, Daniel S. and Goldbaum, Michael and Cai, Wenjia and Valentim, Carolina C. S. and Liang, Huiying and Baxter, Sally L. and McKeown, Alex and Yang, Ge and Wu, Xiaokang and Yan, Fangbing and Dong, Justin and Prasadha, Made K. and Pei, Jacqueline and Ting, Magdalene Y. L. and Zhu, Jie and Li, Christina and Hewett, Sierra and Dong, Jason and Ziyar, Ian and Shi, Alexander and Zhang, Runze and Zheng, Lianghong and Hou, Rui and Shi, William and Fu, Xin and Duan, Yaou and Huu, Viet A. N. and Wen, Cindy and Zhang, Edward D. and Zhang, Charlotte L. and Li, Oulan and Wang, Xiaobo and Singer, Michael A. and Sun, Xiaodong and Xu, Jie and Tafreshi, Ali and Lewis, M. Anthony and Xia, Huimin and Zhang, Kang},
  date = {2018-02-22},
  journaltitle = {Cell},
  shortjournal = {Cell},
  volume = {172},
  number = {5},
  eprint = {29474911},
  eprinttype = {pmid},
  pages = {1122-1131.e9},
  publisher = {Elsevier},
  issn = {0092-8674, 1097-4172},
  doi = {10.1016/j.cell.2018.02.010},
  url = {https://www.cell.com/cell/abstract/S0092-8674(18)30154-5},
  urldate = {2025-02-27},
  langid = {english},
  keywords = {age-related macular degeneration,artificial intelligence,choroidal neovascularization,deep learning,diabetic macular edema,diabetic retinopathy,optical coherence tomography,pneumonia,screening,transfer learning},
  file = {C:\Users\Lewis\Zotero\storage\LUDM4GNM\Kermany et al. - 2018 - Identifying Medical Diagnoses and Treatable Diseases by Image-Based Deep Learning.pdf}
}
