@online{tensorflow_install_nodate,
	title = {Install {TensorFlow} with pip},
	url = {https://www.tensorflow.org/install/pip},
	titleaddon = {{TensorFlow}},
	author = {{TensorFlow}},
	urldate = {2025-01-30},
	langid = {english},
	file = {Snapshot:C\:\\Users\\Lewis\\Zotero\\storage\\CDUP8PDJ\\pip.html:text/html},
}

@online{tensorflow_install_nodate-1,
	title = {Install {TensorFlow} with Docker},
	url = {https://www.tensorflow.org/install/docker},
	titleaddon = {{TensorFlow}},
	author = {{TensorFlow}},
	urldate = {2025-01-30},
	langid = {english},
	file = {Snapshot:C\:\\Users\\Lewis\\Zotero\\storage\\KJP7T5S2\\docker.html:text/html},
}
